@article{biryukov2017state,
	title={State of the art in lightweight symmetric cryptography},
	author={Biryukov, Alex and Perrin, Leo},
	journal={Cryptology ePrint Archive},
	year={2017}
}

@article{eterovic15stream,
	title={Stream Ciphers livianos estandarizados mediante normas internacionales para ser usados en Internet de las Cosas},
	author={Eterovic, Jorge E and Cipriano, Marcelo J},
	journal={Sistemas, Cibernetica e Informatica},
	volume={15},
	number={2-2018},
	year={2018}
}

@inproceedings{eterovic2019criptografia,
	title={Criptografia Ligera en Internet de las Cosas para la Industria},
	author={Eterovic, Jorge and Cipriano, Marcelo and Garcia, Edith and Torres, Luis Maria},
	booktitle={XXV Congreso Argentino de Ciencias de la Computacion (CACIC)(Universidad Nacional de Rio Cuarto, Cordoba, 14 al 18 de octubre de 2019)},
	year={2019}
}

@phdthesis{cipriano2021criptografia,
	title={Criptografia liviana e Internet de las Cosas: Confidencialidad de la informacion mediante Stream Ciphers estandarizados en las normas ISO/IEC 18033 y 29192},
	author={Cipriano, Marcelo Jose},
	year={2021},
	school={Universidad Nacional de La Plata}
}

@inproceedings{wehbe2022criptografia,
	title={Criptografia liviana para objetos conectados},
	author={Wehbe, Ricardo and Armas, Adrian de and Barrera, Elizabeth},
	booktitle={XXIV Workshop de Investigadores en Ciencias de la Computacion (WICC 2022, Mendoza)},
	year={2022}
}

@misc{tilborgencyclopedia,
	title={Encyclopedia of Cryptography and Security, 2011},
	author={Tilborg, Henk CA van and Jajodia, Sushil},
	publisher={Springer Reference}
}
